@phdthesis{Surendralal2020,
  title = {Development of an \textit{Ab Initio} Computational Potentiostat and Its Application to the Study of {{Mg}} Corrosion},
  author = {Surendralal, Sudarsan},
  school = {PhD thesis, Ruhr-Universit{\"a}t, Bochum},
  issn = {https://nbn-resolving.org/urn:nbn:de:hbz:294-70107},
  year = {2020},
  copyright = {http://hss-opus.ub.ruhr-uni-bochum.de/opus4/default/license/index/licId/3}
}

@article{Singh-miller2009,
  title = {Surface Energies, Work Functions, and Surface Relaxations of Low-Index Metallic Surfaces from First Principles},
  volume = {80},
  number = {23},
  journal = {Physical Review B},
  doi = {10.1103/PhysRevB.80.235407},
  author = {{Singh-Miller}, Nicholas E. and Marzari, Nicola},
  year = {2009},
  pages = {235407}
}

@article{Sakong2018,
  title = {The Electric Double Layer at Metal-Water Interfaces Revisited Based on a Charge Polarization Scheme},
  volume = {149},
  issn = {0021-9606},
  number = {8},
  journal = {The Journal of Chemical Physics},
  doi = {10.1063/1.5040056},
  author = {Sakong, Sung and Gro{\ss}, Axel},
  year = {2018},
  pages = {084705}
}

@book{Kittel1976,
  title={Introduction to solid state physics},
  author={Kittel, Charles and others},
  volume={8},
  year={1976},
  publisher={Wiley New York}
}

@article{Salmeron1983,
  title = {Photoelectron-Spectroscopy Study of the Electronic Structure of {{Au}} and {{Ag}} Overlayers on {{Pt}}(100), {{Pt}}(111), and {{Pt}}(997) Surfaces},
  volume = {28},
  number = {12},
  journal = {Physical Review B},
  doi = {10.1103/PhysRevB.28.6758},
  author = {Salmer{\'o}n, M. and Ferrer, S. and Jazzar, M. and Somorjai, G. A.},
  year = {1983},
  pages = {6758-6765}
}
